@misc{starklastr,
title={Výpočetní klastr Star • NI-PDP • FIT ČVUT Course Pages},
url={https://courses.fit.cvut.cz/NI-PDP/labs/klastr-star.html},
booktitle={FIT CTU Courses},
urldate="2023-05-11",
date={2022-02-09}
}


@misc{runstar,
title={Překlad, ladění a spuštění paralelní programu na klastru STAR • NI-PDP • FIT ČVUT Course Pages},
url={https://courses.fit.cvut.cz/NI-PDP/labs/run-star.html},
booktitle={FIT CTU Courses},
urldate="2023-05-11",
date={2023-04-26}
}

@INCOLLECTION{timexplain1,
title={[Python-Dev] Sorting},
author={Peters, Tim},
url={https://mail.python.org/pipermail/python-dev/2002-July/026897.html},
booktitle={mail.python.org},
urldate="2023-05-11",
date={2002-07-22T22:07:57-04:00}
}

@INCOLLECTION{timexplain2,
title={[Python-Dev] Sorting},
author={Peters, Tim},
url={https://mail.python.org/pipermail/python-dev/2002-July/026853.html},
booktitle={mail.python.org},
urldate="2023-05-11",
date={2002-07-20T23:26:44-04:00}
}
@INCOLLECTION{timexplain3,
title={[Python-Dev] Sorting},
author={Peters, Tim},
url={https://mail.python.org/pipermail/python-dev/2002-July/026920.html},
booktitle={mail.python.org},
urldate="2023-05-11",
date={2002-07-24T19:01:32-04:00}
}

@INCOLLECTION{3merge1,
title={[Python-Dev] Sorting},
author={Gilbert, Scott},
url={https://mail.python.org/pipermail/python-dev/2002-July/026900.html},
booktitle={mail.python.org},
urldate="2023-05-11",
date={2002-07-22T23:22:12-07:00}
}


@INCOLLECTION{3mergeresponse,
title={[Python-Dev] Sorting},
author={Peters, Tim},
url={https://mail.python.org/pipermail/python-dev/2002-July/026902.html},
booktitle={mail.python.org},
urldate="2023-05-11",
date={2002-07-23T04:30:11-04:00}
}


@misc{timexplain4,
title={What is Tim Sort?},
author={Mervin, Eric},
url={https://ericmervin.medium.com/what-is-timsort-76173b49bd16},
booktitle={Medium},
urldate="2023-05-11",
date={2021-03-22}
}

@misc{timexplain5,
title={Understanding Timsort},
author={Bauermeister, Rylan},
url={https://medium.com/@rylanbauermeister/understanding-timsort-191c758a42f3},
booktitle={Medium},
urldate="2023-05-11",
date={2019-04-25}
}

@incollection{pythonimpl,
title={cpython/listobject.c},
url={https://github.com/python/cpython/blob/bcb198385dee469d630a184182df9dc1463e2c47/Objects/listobject.c},
booktitle={Github},
urldate="2023-05-11",
date={2020-06-08}
}

@incollection{v8impl,
title={v8/third\_party/v8/builtins/array-sort.tq},
url={https://github.com/v8/v8/blob/main/third_party/v8/builtins/array-sort.tq},
booktitle={Github},
urldate="2023-05-11",
date={2023-03-08}
}
@incollection{swiftimpl,
title={swift/stdlib/public/core/Sort.swift},
url={https://github.com/apple/swift/blob/main/stdlib/public/core/Sort.swift},
booktitle={Github},
urldate="2023-05-11",
date={2022-09-26}
}



@incollection{javaimpl,
title={TimSort.java},
url={https://android.googlesource.com/platform/libcore/+/gingerbread/luni/src/main/java/java/util/TimSort.java},
booktitle={Git at Google},
urldate="2023-05-11",
date={2010-05-13}
}

@incollection{timexplain6,
title={cpython/Objects/listsort.txt},
url={https://github.com/python/cpython/blob/bcb198385dee469d630a184182df9dc1463e2c47/Objects/listsort.txt},
booktitle={Github},
urldate="2023-05-11",
date={2020-02-02}
}

@misc{exponentialsearch,
title={Exponential search},
url={https://en.wikipedia.org/wiki/Exponential_search},
booktitle={Wikipedia},
urldate="2023-05-11",
date={2023-03-19}
}

@incollection{rustimpl,
title={rust/src/liballoc/slice.rs},
url={https://github.com/rust-lang/rust/blob/5f60208ba11171c249284f8fe0ea6b3e9b63383c/src/liballoc/slice.rs#L841-L980},
booktitle={Github},
urldate="2023-05-11",
date={2018-12-26}
}

@incollection{gfxtimsort,
title={timsort/cpp-Timsort: A c++ implementation of timsort},
url={https://github.com/timsort/cpp-TimSort},
booktitle={Github},
urldate="2023-05-11",
date={2022-04-24}
}

@misc{soodparallel,
title={Parallelizing TimSort},
author={Sood, Saurabh},
url={https://saurabhsoodweb.wordpress.com/2017/04/18/parallelizing-timsort/},
booktitle={Saurabh Sood's Blog},
urldate="2023-05-11",
date={2017-04-18}
}

@incollection{cache1,
title={Matrix multiplication: Small difference in matrix size, large difference in timings},
url={https://stackoverflow.com/questions/7905760/matrix-multiplication-small-difference-in-matrix-size-large-difference-in-timi},
booktitle={Stack Overflow},
urldate="2023-05-11",
date={2014-11-20}
}

@incollection{cache2,
title={Avoiding powers of 2 for cache friendliness},
url={https://stackoverflow.com/questions/11868087/avoiding-powers-of-2-for-cache-friendliness},
booktitle={Stack Overflow},
urldate="2023-05-11",
date={2012-08-08}
}

@incollection{analysiskmerge,
title={why should we use n-way merge? what are its advantages over 2-way merge?},
url={https://stackoverflow.com/questions/14713468/why-should-we-use-n-way-merge-what-are-its-advantages-over-2-way-merge},
booktitle={Stack Overflow},
urldate="2023-05-11",
date={2013-12-07}
}

@incollection{cache3,
title={Cache Associativity},
url={https://en.algorithmica.org/hpc/cpu-cache/associativity/},
booktitle={Algorithmica},
urldate="2023-05-11",
date={2022-03-13}
}

@incollection{cache4,
title={Why are elementwise additions much faster in separate loops than in a combined loop?},
url={https://stackoverflow.com/questions/8547778/why-are-elementwise-additions-much-faster-in-separate-loops-than-in-a-combined-l},
booktitle={Stack Overflow},
urldate="2023-05-11",
date={2021-12-08}
}

@misc{kwaymerge,
title={k-way merge algorithm},
url={https://en.wikipedia.org/wiki/K-way_merge_algorithm},
booktitle={Wikipedia},
urldate="2023-05-11",
date={2023-04-30}
}

@incollection{kwaymergemax,
title={Maximum K for K-way merge},
url={https://stackoverflow.com/questions/41686325/maximum-k-for-k-way-merge},
booktitle={Stack Overflow},
urldate="2023-05-11",
date={2017-01-17}
}


@misc{externalsort,
title={External sorting},
url={https://en.wikipedia.org/wiki/External_sorting},
booktitle={Wikipedia},
urldate="2023-05-11",
date={2023-03-13}
}

@misc{openmp1,
title={OpenMP},
url={https://cs.wikipedia.org/wiki/OpenMP},
booktitle={Wikipedia},
urldate="2023-05-11",
date={2021-12-24}
}

@misc{mergesortparallel,
title={Advanced programming with OpenMP},
author={Bukata, Libor and Dvořák, Jan},
url={https://cw.fel.cvut.cz/old/_media/courses/b4m35pag/lab6_slides_advanced_openmp.pdf},
urldate="2023-05-11"
}

@misc{wellrng,
title={Well equidistributed long-period linear},
url={https://en.wikipedia.org/wiki/Well_equidistributed_long-period_linear},
booktitle={Wikipedia},
urldate="2023-05-11",
date={2022-01-10}
}

@misc{chrono,
title={Date and time utilities},
url={https://en.cppreference.com/w/cpp/chrono},
booktitle={cppreference.com},
urldate="2023-05-11",
date={2022-01-10}
}
